<record><leader>00000cas a2200000 a 4500</leader><controlfield tag="001">47045877</controlfield><controlfield tag="008">010531d19uu19uuiluwr ne      0    0eng c</controlfield><datafield ind1=" " ind2=" " tag="010"><subfield code="a">sn2001063217</subfield></datafield><datafield ind1=" " ind2=" " tag="040"><subfield code="a">NVF</subfield><subfield code="b">eng</subfield><subfield code="c">NVF</subfield><subfield code="d">NVF</subfield><subfield code="d">OCLCQ</subfield><subfield code="d">OCLCF</subfield><subfield code="d">OCLCO</subfield></datafield><datafield ind1="1" ind2=" " tag="029"><subfield code="a">AU@</subfield><subfield code="b">000022746364</subfield></datafield><datafield ind1=" " ind2=" " tag="042"><subfield code="a">pcc</subfield></datafield><datafield ind1=" " ind2=" " tag="043"><subfield code="a">n-us-il</subfield></datafield><datafield ind1="0" ind2=" " tag="130"><subfield code="a">Times-review (North Chicago, Ill. : Weekly)</subfield></datafield><datafield ind1="1" ind2="4" tag="245"><subfield code="a">The times-review.</subfield></datafield><datafield ind1=" " ind2=" " tag="260"><subfield code="a">North Chicago, Ill. :</subfield><subfield code="b">C.W. Busch</subfield></datafield><datafield ind1=" " ind2=" " tag="300"><subfield code="a">v.</subfield></datafield><datafield ind1=" " ind2=" " tag="310"><subfield code="a">Weekly</subfield></datafield><datafield ind1=" " ind2=" " tag="580"><subfield code="a">Formed by the union of: Lake County review and: North Chicago times.</subfield></datafield><datafield ind1=" " ind2=" " tag="588"><subfield code="a">Description based on: Vol. 8, no. 1 (Jan. 2, 1913).</subfield></datafield><datafield ind1=" " ind2=" " tag="588"><subfield code="a">Latest issue consulted: Dec. 24, 1915.</subfield></datafield><datafield ind1=" " ind2="0" tag="651"><subfield code="a">North Chicago (Ill.)</subfield><subfield code="v">Newspapers.</subfield></datafield><datafield ind1=" " ind2="7" tag="655"><subfield code="a">Newspapers.</subfield><subfield code="2">fast</subfield><subfield code="0">(OCoLC)fst01423814</subfield></datafield><datafield ind1=" " ind2="7" tag="651"><subfield code="a">Illinois</subfield><subfield code="z">North Chicago.</subfield><subfield code="2">fast</subfield><subfield code="0">(OCoLC)fst01207076</subfield></datafield><datafield ind1=" " ind2=" " tag="752"><subfield code="a">United States</subfield><subfield code="b">Illinois</subfield><subfield code="c">Lake</subfield><subfield code="d">North Chicago.</subfield></datafield><datafield ind1="0" ind2=" " tag="775"><subfield code="t">Times-review (North Chicago, Ill. : Daily)</subfield><subfield code="w">(DLC)sn2001063218</subfield><subfield code="w">(OCoLC)47046015</subfield></datafield><datafield ind1="1" ind2="4" tag="780"><subfield code="t">Lake County review</subfield></datafield><datafield ind1="1" ind2="4" tag="780"><subfield code="t">North Chicago times</subfield><subfield code="w">(DLC)sn 94054455</subfield><subfield code="w">(OCoLC)30965682</subfield></datafield></record>